@book{ dijkstra76,
    title={{A Discipline of Programming}},
    author={Edsger W. Dijkstra},
    year=1976 }
@article{ dijkstra68,
    title={{Go to statement considered harmful}},
    author={Edsger W. Dijkstra},
    year=1968 }
